@book{alexander2006fundamentos,
  title={Fundamentos de circuitos el{\'e}ctricos},
  author={Alexander, Charles K and Sadiku, Matthew NO and Berm{\'u}dez, Aristeo Vera and Pedraza, Carlos Roberto Cordero},
  year={2006},
  publisher={McGraw-Hill}
}
@misc{stat,
author = {},
title = {Statistical distribution of energy},
howpublished = {\url{http://hyperphysics.phy-astr.gsu.edu/hbase/quantum/disene.html}},
month = {},
year = {},
note = {(Visitado el 08/11/2015)}
}